@article{kalhauge2018sound,
        Author = {Kalhauge, Christian Gram and Palsberg, Jens},
        Journal = {Proceedings of the ACM on Programming Languages},
        Number = {OOPSLA},
        Pages = {1--29},
        Publisher = {ACM New York, NY, USA},
        Title = {Sound deadlock prediction},
        Volume = {2},
        Year = {2018}}
